@book{design3ed,
  title={Design de Interação},
  author={Yvonne Rogers, Helen Sharp, Jennifer Preece},
  year={2013},
  publisher={Bookman Editora}
}

@manual{inmetro2003,
	Author = {INMETRO},
	Title = {Vocabul\'ario internacional de termos fundamentais e gerais de metrologia},
	Year = {2013},
	Address = {Rio de Janeiro, Brasil},
	Pages = {75},
	isbn = {85-87090-90-9},
}

@inproceedings{soviero1997,
	Author = {P. A. O. Soviero and L. G. M. Lavagna},
	Title = {A Numerical Model for Thin Airfoils in Unsteady Motion},
	Year = {1997},
	Pages = {332-340},
	Volume = {19},
	Number = {3},
	Booktitle = {Journal of the Brazilian Societyt Mechanical Sciences},
}

@inproceedings{sparrow1980,
	Author = {E. M. Sparrow},
	Title = {Forced Convection Heat Transfer in a Duct Having Spanwise-Periodic Rectangular Protuberances},
	Year = {1980},
	Pages = {149-167},
	Volume = {3},
	Booktitle = {Numerical Heat Transfer},
}

@article{clark1986,
	Author = {J. A. Clark},
	Title = {Private Communication},
	Year = {1986},
	Address = {University of Michigan}
}

@article{arruda2007,
	Author = {M. B. B. Arruda},
	Title = {Como fazer referências: bibliogr\'aficas, eletrônicas e demais	formas de documentos},
	Year = {2007},
	Url = {http://bu.ufsc.br/framerefer.html}
}

@article{coimbra1978,
	Author = {A. L. Coimbra},
	Title = {Lessons of Continuum Mechanics},
	Year = {1978},
	Address = {S\~ao Paulo, Brazil},
	Pages = {428},
	Editor = {Edgard Blücher},
}

@inproceedings{bordalo1989,
	Author = {S. N. Bordalo and J. H. Ferziger and S. J. Kline},
	Title = {The Development of Zonal Models for Turbulence},
	Year = {1989},
	Pages = {41-44},
	Booktitle = {Proceedings of the 10th Brazilian Congress of Mechanical	Engineering},
	Volume = {1},
}

@manual{NBR14724:2011,
	Address = {Rio de Janeiro},
	Date-Added = {2012-12-15 20:34:08 +0000},
	Date-Modified = {2012-12-15 20:35:25 +0000},
	Month = mar,
	Org-Short = {ABNT},
	Organization = {Associa{\c c}\~ao Brasileira de Normas T\'ecnicas},
	Pages = 15,
	Subtitle = {Informa{\c c}\~ao e documenta{\c c}\~ao --- trabalhos acad\^emicos --- apresenta{\c c}\~ao},
	Title = {{NBR} 14724},
	Year = {2011}
}

@manual{NBR6034:2000,
	Address = {Rio de Janeiro},
	Org-Short = {ABNT},
	Organization = {ABNT},
	Subtitle = {Informa{\c c}\~ao e documenta{\c c}\~ao --- Referências},
	Title = {{NBR} 14724},
	Year = {2000}
}

% This file was created with JabRef 2.5.
% Encoding: UTF-8
% See the "IEEEtran_bst_HOWTO.pdf" manual for usage information.

@article{Angulo2000,
title={Desenvolvimento sustent\'avel e a reciclagem de resíduos na constru{\c c}\~ao civil},
author={Sérgio Cirelli Ângulo and Sérgio Edurado Zordan and Vanderley Moacyr John},
year={2000}
}

@article{Castro2011,
title={Incentivo ao uso de produtos de baixo impacto ambiental através da disciplina de materiais de constru{\c c}\~ao civil},
author={Fernando Souza da Silva e Adriana Petito de Almeida Silva Castro},
year={2011}
}

@www{planta1,
      title  = {Casa Osasco com 3 suítes, clouset varanda e piscina},
      author = {Osasco},
      timestamp = {2013.12.29},
      urlaccessdate = {2015.10.29},
      url= {\url{http://www.plantasdecasas.com/projetos/casa-osasco-com-3-suites-clouset-varanda-e-piscina/}}
    }


@www{planta3,
      title  = {Casa de Campo "Minas Gerais" com 3 quartos},
      author = {Minas Gerais},
      timestamp = {2013.12.29},
      urlaccessdate = {2015.10.29},
      url= {\url{http://www.plantasdecasas.com/projetos/casa-de-campo-3-quartos/}}
    }

@www{table1,
      title  = {CAC},
      author = {Caesb},
      timestamp = {2014},
      urlaccessdate = {2015},
      url= {\url{http://www.orcamentofederal.gov.br/eficiencia-do-gasto/Apresentacao\_Caesb\_12042012.pdf}}
    }

@www{epeanuario,
      title  = {Anu\'ario Estatístico de Energia Elétrica 2013},
      author = {EPE},
      timestamp = {2013},
      urlaccessdate = {2015},
      url= {\url{http://www.epe.gov.br/AnuarioEstatisticodeEnergiaEletrica/20130909\_1.pdf}}
}

@www{suapesquisaenergiarenovavel,
      title  = {Energia Renovavel},
      author = {SuaPesquisa.com},
      timestamp = {2015},
      urlaccessdate = {2015},
      url= {\url{http://www.suapesquisa.com/o_que_e/energia_renovavel.htm}}
}

@www{brasilescolafontesrenovaveis,
      title  = {Fontes renov\'aveis de energia},
      author = {BrasilEscola},
      timestamp = {2015},
      urlaccessdate = {2015},
      url= {\url{http://www.brasilescola.com/geografia/fontes-renovaveis-energia.htm}}
}

@www{energygovplanning,
      title  = {Planning a Small Wind Electric System},
      author = {Energy.gov},
      timestamp = {2015},
      urlaccessdate = {2015},
      url= {\url{http://energy.gov/energysaver/articles/planning-small-wind-electric-system}}
}

@article{atlaseolico,
      title  = {Atlas do Potencial Eólico Brasileiro},
      author = {Odilon A. Ccamargo do Amarante, Michael Brower, John Zack, Antonio Leite de S\'a},
      timestamp = {2001},
      urlaccessdate = {2015},
      url= {\url{http://www.cresesb.cepel.br/publicacoes/download/atlas_eolico/Atlas\%20do\%20Potencial\%20Eolico\%20Brasileiro.pdf}}
}

@www{americadosolperguntasfrequentes,
      title  = {Perguntas Frequentes},
      author = {AmericaDoSol},
      timestamp = {2015},
      urlaccessdate = {\toda},
      url= {\url{http://www.americadosol.org/perguntas-frequentes/}}
}

@www{portalsolar,
      title  = {Quantos Painéis Solares Fotovoltaicos},
      author = {Solar},
      timestamp = {2015},
      urlaccessdate = {2015},
      url= {\url{http://www.portalsolar.com.br/quantos-paineis-solares-fotovoltaicos.html}}
}

@www{globoaerogeradores,
      title  = {Aerogeradores verticais podem se popularizar nos próximos anos},
      author = {Globo},
      timestamp = {2015},
      urlaccessdate = {2015},
      url= {\url{http://redeglobo.globo.com/globouniversidade/noticia/2013/09/aerogeradores-verticais-podem-se-popularizar-nos-proximos-anos.html}}
}

@www{neosolarinversorfronius,
      title  = {Inversor Fronius Galvo 1.5-1 (1.500W)},
      author = {Neosolar},
      timestamp = {2015},
      urlaccessdate = {2015},
      url= {\url{http://www.neosolar.com.br/loja/inversor/grid-tie.html}}
}

@www{minhacasasolar,
      title  = {Saiba Mais: Baterias},
      author = {MinhaCasaSolar},
      timestamp = {2015},
      urlaccessdate = {2015},
      url= {\url{http://minhacasasolar.com.br/saiba-bateria.php}}
}

@www{Powerwall,
      title  = {Powerwall: bateria residencial da Tesla promete economia de energia},
      author = {idgnow},
      timestamp = {2015.05.04},
      urlaccessdate = {2015},
      url= {\url{http://idgnow.com.br/ti-pessoal/2015/05/04/powerwall-bateria-residencial-da-tesla-promete-economia-de-energia/}}
}

@www{estimativaNBR7229,
      title  = {Estimativas do volume de efluentes domésticos por fonte/pessoa/dia},
      author = {NBR_7229},
      timestamp = {2015.05.04},
      urlaccessdate = {2015},
      url= {\url{http://idgnow.com.br/ti-pessoal/2015/05/04/powerwall-bateria-residencial-da-tesla-promete-economia-de-energia/}}
}

@www{ecycle,
      title  ={Composteira Residencial pode ser Alternativa para Lio Orgânico},
      author ={ecycle},
      timestamp = {2015.05.04},
      urlaccessdate = {2015},
      url= {\url{http://www.ecycle.com.br/component/content/article/41-pegue-leve/536-composteira-residencial-pode-ser-alternativa-para-lixo-organico.html}}
}

@misc{2009Fiuza,
  title = {Constru{\c c}\~oes Sustent\'aveis: Conceito e Importância da Sustentabilidade Social},
  howpublished = {\url{http://www.webartigos.com/artigos/construcoes-sustentaveis-conceito-e-importancia-da-sustentabilidade-social/25033/}},
  note = {Accessado: 2015-10-29},
  year = {2009},
  author={Ádla Larissa Gomes Fiuza}
}

@misc{2013Aneel,
	Author = {ANEEL},
	Title = {Agência Nacional de Energia Elétrica},
	Address = {Brasília, Brasil},
	Year = {2015},
}

@misc{2009Montgomery,
  Author={Lisa Montgomery},
  Title = {A tendência da tecnologia na vis\~ao dos maiores experts},
  Year = {2009},
  howpublished = {\url{http://revistahometheater.uol.com.br/site/tec_artigos_02.php?id_lista_txt=5542}},
  note = {Accessado: 2015-09-23}
}

@misc{2014SiqueiraFraga,
  Author={Frank Siqueira and Joni Fraga},
  Title = {Modelo de Programa{\c c}\~ao de Aplica{\c c}\~oes Tempo-Real em Sistemas Abertos},
  Year = {2014},
  howpublished = {\url{http://www.inf.ufsc.br/~frank/papers/wasap.pdf}},
  note = {Accessado: 2015-09-20}
}

@book{brookshear2013ciencia,
  title={Ci{\^e}ncia da Computa{\c{c}}{\~a}o - 11ed: Uma Vis{\~a}o Abrangente},
  author={Brookshear, J.G.},
  isbn={9788582600313},
  url={https://books.google.com.br/books?id=Vfw4AgAAQBAJ},
  year={2013},
  publisher={Bookman Editora},
  note = {Accessado: 2015-09-20}
}

@misc{2014SiqueiraFraga2,
  Author={Frank Siqueira and Joni Fraga},
  Title = {Programa{\c c}\~ao de Aplica{\c c}\~oes Tempo-Real em Sistemas Abertos: O Modelo Reflexivo Tempo-Real Distribuído},
  Year = {2014},
  Address = {Laboratório de Controle e Microinform\'atica – LCMI},
  howpublished = {\url{http://www.inf.ufsc.br/~frank/papers/wasap2.pdf}},
  note = {Accessado: 2015-09-22}
}

@misc{2014Thiago,
  Author={Thiago Cagna},
  Title = {Como funcionam e quanto custam os sensores de movimento e de luz},
  Year = {2014},
  howpublished = {\url{http://ecohospedagem.com/como-funcionam-e-quanto-custam-os-sensores-de-movimento-e-de-luz}},
  note = {Accessado: 2015-09-23}
}

@misc{SNIS159E,
  Author={Texas Instruments},
  Title = {LM35 Precision Centigrade Temperature Sensors Datasheet},
  Year = {1999},
  howpublished = {\url{http://www.ti.com/lit/ds/symlink/lm35.pdf}},
  note = {Accessado: 2015-09-23}
}

@misc{HSM200,
  Author={HomeSeer},
  Title = {HomeSeer HSM200 Z-Wave Multi-Sensor, Manual do usu\'ario},
  Year = {2015},
  howpublished = {\url{http://store.homeseer.com/store/HomeSeer-HSM200-Z-Wave-Multi-Sensor-P1882.aspx}},
  note = {Accessado: 2015-10-14}
}

@misc{IRPet-500,
  Author={JFL - Equipamentos Eletr\^{o}nicos},
  Title = {Características do Sensor Infravermelho IRPET - 500},
  Year = {2004},
  howpublished = {\url{http://jflalarmes.tecnologia.ws/uploads/jfl-download-passivos-irpet-500.pdf}},
  Address = {Santa Rita do Sapucaí - MG},
  note = {Accessado: 2015-10-15}
}

@misc{ST8142,
  Author={HomeSeer},
  Title = {Everspring ST814-2 Z-Wave Temperature \& Humidity Sensor, Manual do usu\'ario},
  Year = {2015},
  howpublished = {\url{http://store.homeseer.com/store/Everspring-ST814-2-Z-Wave-Temperature-Humidity-Sensor-P1087.aspx}},
  note = {Accessado: 2015-10-14}
}

@misc{ShoweriHouse,
  Author={iHouse},
  Title = {Características do chuveiro inteligente},
  Year = {2015},
  howpublished = {\url{http://www.ihouse.com.br/caracteristicas-do-smartshower.php}},
  note = {Accessado: 2015-10-15}
}

@misc{HomeSeerZCOMBOG,
  Author={HomeSeer},
  Title = {First Alert ZCOMBO-G Z-Wave Smoke and Carbon Monoxide Detector, Manual do usu\'ario},
  Year = {2015},
  howpublished = {\url{http://store.homeseer.com/store/First-Alert-ZCOMBO-G-Z-Wave-Smoke-and-Carbon-Monoxide-Detector-P1990.aspx}},
  note = {Accessado: 2015-10-14}
}

@misc{HomeSeerDSB28ZWUS,
  Author={HomeSeer},
  Title = {Aeon Labs Aeotec DSB28-ZWUS Z-Wave Home Energy Meter (2$^{nd}$ Edition), Manual do usu\'ario},
  Year = {2015},
  howpublished = {\url{http://store.homeseer.com/store/Aeon-Labs-Aeotec-DSB28-ZWUS-Z-Wave-Home-Energy-Meter-2nd-Edition-P1643.aspx}},
  note = {Accessado: 2015-10-14}
}

@misc{HomeSeerFI8905W,
  Author={HomeSeer},
  Title = {Foscam FI8905W Outdoor Wireless IP Camera - 4mm lens - 60 LED, Guia de instala{\c c}\~ao},
  Year = {2015},
  howpublished = {\url{http://store.homeseer.com/store/Foscam-FI8905W-Outdoor-Wireless-IP-Camera-4mm-lens-60-LED-P1100.aspx}},
  note = {Accessado: 2015-10-14}
}

@misc{2015Zimmermann,
  Author={M\'arcio Pereira Zimmermann},
  Title = {Smart Grid, Grupo de Trabalho de Redes El\'etricas Inteligentes
Ministério de Minas e Energia},
  Year = {2015},
  howpublished = {\url{www.mme.gov.br/documents/10584/1256641/Relatxrio_GT_Smart_Grid_Portaria_440-2010.pdf/3661c46c-5f86-4274-b8d7-72d72e7e1157}},
  note = {Accessado: 2015-10-30}
}

@misc{2013Atmel,
  Author={Atmel},
  Title = {Da medi{\c c}\~ao ao SmartGrid (rede el\'etrica inteligente)},
  Year = {2013},
  howpublished = {\url{http://www.atmel.com/pt/br/applications/smart_energy/default.aspx}},
  note = {Accessado: 2015-10-30}
}

@misc{2013RiveraEspositoTeixeira,
  Author={Ricardo Rivera and Alexandre Siciliano Esposito and Ingrid Teixeira},
  Title = {Redes elétricas inteligentes (smart grid): oportunidade para adensamento produtivo e tecnológico local},
  Year = {2013},
  howpublished = {\url{https://web.bndes.gov.br/bib/jspui/bitstream/1408/2927/1/RB\%2040\%20Redes\%20el\%C3\%A9tricas\%20inteligentes_P.pdf}},
  note = {Accessado: 2015-10-30}
}

@misc{2015AndradeEtAl,
  Author={Hening Almeida de Andrade and Rafael Moura Duarte and Fabrício Braga Soares de Carvalho and Fabiano Salvadori and Waslon Terllizzie Araújo Lopes},
  Title = {Considera{\c c}\~oes para a Implementa{\c c}\~ao de Power Line Communications para Aplica{\c c}\~oes de Smart Grid},
  Year = {2015},
  howpublished = {\url{http://www.researchgate.net/profile/Waslon_Lopes/publication/281623198_Consideraes_para_Implementao_de_Power_Line_Communications_para_Aplicaes_de_Smart_Grid/links/55f031c308aef559dc45bac3.pdf}},
  note = {Accessado: 2015-10-30}
}

@misc{2007RevUSP,
	Author = {GOLDEMBERG, José; LUCON, Oswaldo},
	Title = {Energias Renov\'aveis: Um futuro sustent\'avel},
	Year = {2007},
	Publisher = {Francisco Costa},
	note = {Acessado: 2015-10-30},
	howpublished = {\url{www.revistas.usp.br/revusp/article/download/13564/15382}}
}

@manual{IBGE,
  Author={IBGE},
  Title = {Instituto Brasíleiro de Geografia e Estastística},
  howpublished = {\url{www.ibge.gov.br/}},
  note = {Accessado: 2015-10-30}
}

@manual{INMET,
  Author={INMET},
  Title = {Instituto Nacional de Meteorologia},
  howpublished = {\url{www.inmet.gov.br/}},
  note = {Accessado: 2015-10-30},
	Year = {2015},
}

@manual{2000UFPE,
  Author={UFPE},
  Title = {Universidade Federal de Pernambuco},
  howpublished = {\url{https://www.ufpe.br/}},
  Year = {2000},
  note = {Accessado: 2015-10-30}
}

@manual{CORMANE,
	Title = {Cormane},
	Author = {Dr. Jorge Cormane},
	Year = {2015},
	Address = {Universidade de Brasília/FGA}
}

@manual{2011PUCAMP,
	Author = {PUC-CAMPINAS},
	Title = {Pontifícia Universidade Católica de Campinas},
	Year = {2011},
}

@manual{pisoBambu,
	Author = {OSTAPIV, Fabiano},
	Title = {sobre o processo produtivo: Análise e melhoria do processo produtivo de tábuas de bambu com foco em pisos.},
	Year = {2007},
}

@manual{pisoCeramico,
	Title = {Sobre o processo de produção},
	howpublished = {\url{http://www.portobello.com.br/index/contentId/190996}},
	Year = {2015},
}

@manual{ecologica,
	Title = {Eco-Logica},
	howpublished = {\url{http://www.ecologicadf.com.br/?page_id=31}},
	Year = {2015},
}

@manual{precoCeramica,
	Title = {Leroy Merlin},
	howpublished = {\url{http://www.leroymerlin.com.br/pisos-ceramicos-internos/tamanho/48x48}},
	Year = {2015},
}

@manual{TESLA,
	Author = {TESLA},
	Title = {Tesla Motors, Inc},
	Address = {Palo Alto, Estados Unidos},
	Year = {2015},
	howpublished = {\url{http://www.teslamotors.com/powerwall}},
	note = {Accessado: 2015-10-30}
}

@manual{CAESB,
	Author = {Caesb},
	Title = {Companhia de Saneamento Ambiental do Distrito Federal},
	Address = {Brasília},
	howpublished = {\url{http://www.caesb.df.gov.br/}},
	note = {Accessado: 2015-10-30},
	Year = {2015},
}

@manual{EMBRAPA,
	Author = {EMBRAPA},
	Title = {CAPTAÇÃO E ARMAZENAMENTO DE ÁGUA DE CHUVA NO SEMI-ÁRIDO
DO NORDESTE DO BRASIL},
	howpublished = {\url{http://www.alice.cnptia.embrapa.br/alice/bitstream/doc/129165/1/OPB420.pdf}},
	Year = {2015},
	note = {Accessado: 2015-10-30}
}

@manual{UFES,
	Author = {UFES},
	Title = {Universidade Federal do Espírito Santo},
	note = {Accessado: 2015-10-30},
	Year = {2015},
}

@manual{ABRELPE,
	Author = {ABRELPE},
	Title = {Associa{\c c}\~ao Brasileira de Empresas de Limpeza Pública e Resíduos Especiais},
	note = {Accessado: 2015-10-30},
	Year = {2015},
}

@manual{NBR8849:1985,
	Address = {Rio de Janeiro},
	Org-Short = {ABNT},
	Organization = {ABNT},
	Subtitle = {Informa{\c c}\~ao e documenta{\c c}\~ao --- Referências},
	Title = {{NBR} 8849},
	Year = 1985
}

@manual{Novacap,
	Author = {Novacap},
	Title = {Companhia Urbanizadora da Nova Capital},
	note = {Accessado: 2015-10-30},
	Year = {2015},
}

@manual{SLU,
	Author = {SLU},
	Title = {Servi{\c c}o de Limpeza Urbana},
	note = {Accessado: 2015-10-30},
	Year = {2015},
}

@misc{2014Sustentaveis,
  Author = {Atitudes Sustent\'aveis},
  Title = {Constru{\c c}\~ao Sustent\'avel - Sua Importância para Meio Ambiente},
  Year = {2014},
  howpublished = {\url{http://www.atitudessustentaveis.com.br/artigos/construcao-sustentavel-importancia-meio-ambiente/}},
  note = {Accessado: 2015-10-30}
}

@misc{2010Terracap,
  Author = {Terracap},
  Title = {Jardim Botânico 3, 33 lotes para você morar no novo bairo do Lago Sul},
  Year = {2010},
  howpublished = {\url{http://www.terracap.df.gov.br/uploads/edicts/5298d86a7fd17.pdf}},
  note = {Accessado: 2015-10-06}
}

@misc{2013SeplanCodeplan,
  Author = {SEPLAN and Codeplan},
  Title = {Pesquisa Distrital por Amostra de Domicílios, PDAD/DF, 2013},
  Year = {2013},
  howpublished = {\url{http://www.codeplan.df.gov.br/images/CODEPLAN/PDF/pesquisa_socioeconomica/pdad/2013/Pesquisa\%20PDAD-DF\%202013.pdf}},
  note = {Accessado: 2015-10-06}
}

@misc{2014Codeplan,
  Author = {Codeplan},
  Title = {Pesquisa Distrital por Amostra de Domicílios, PDAD, Jardim Botânico},
  Year = {2014},
  howpublished = {\url{http://www.codeplan.df.gov.br/images/CODEPLAN/PDF/pesquisa_socioeconomica/pdad/2013/PDAD_JARDIM\%20BOT\%C3\%82NICO.pdf}},
  note = {Accessado: 2015-10-06}
}

@misc{2010IBGE,
  Author = {IBGE},
  Title = {Densidade Domiciliar Por Domicilio Censo Demogr\'afico},
  howpublished = {\url{http://censo2010.ibge.gov.br/apps/atlas/} Condições De Habitação - Densidade Domiciliar Por Domicilio},
  note = {Accessado: 2015-10-06},
	Year = {2015},
}

@misc{IBEC,
  Author = {IBEC},
  Title = {Orientação Técnica OT - 004/2013 - IBEC},
  Year = {2013},
  howpublished = {\url{http://censo2010.ibge.gov.br/apps/atlas/} Condi{\c c}\~oes De Habita{\c c}\~ao - Densidade Domiciliar Por Domicilio},
  note = {Accessado: 2015-10-06}
}

@misc{2012Araujo,
  Author = {M\'arcio Augusto Araújo},
  Title = {A moderna constru{\c c}\~ao sustent\'avel},
  Year = {2012},
}

@misc{D.CAraujo,
  Author = {D.C. Araújo, C.R.S. Morais, M.E.D. Altides.},
  Title = {Avaliação mecânica e físico-química entre telhas convencionais e alternativas usadas em habitações populares},
  Year = {2008},
}

@misc{1992Baroni,
  Author = {Margaret Baroni},
  Title = {Ambiguidades e deficiências do conceito de desenvolvimento sustent\'avel},
  Year = {1992},
}

@misc{EcoCasa,
  Author = {EcoCasa Tecnologias Ambientais},
  Title = {Constru{\c c}\~ao Sustent\'avel: Solu{\c c}\~oes para Constru{\c c}\~ao Sustent\'avel},
  Year = {2015},
}

@misc{Kepler,
  Author = {Kepler de Souza Oliveira Filho},
  Title = {Movimento Anual do Sol e as Esta{\c c}\~oes do Ano},
  Year = {2015},
}

@misc{2002Maciel,
  Author = {Alexandra Maciel},
  Title = {Projeto Bioclim\'atico em Brasília: Estudo de Caso em Edifício de Escritórios},
  Year = {2002},
  howpublished = {\url{http://www.labeee.ufsc.br/sites/default/files/publicacoes/dissertacoes/DISSERTACAO_Alexandra_Maciel.pdf}},
}

@misc{2015Instituto,
  Author = {Instituto de Arquitetos do Brasil},
  Title = {Aspectos ambientais de Brasilia},
  Year = {2015},
  howpublished = {\url{http://www.iabdfconcursos.com.br/sebrae/documentos/doc_tecnicos/ambientais.doc}},
}

@book{1980Portland,
  title={Dosagem das misturas de solo-cimento: normas de dosagem e m{\'e}todos de ensaio},
  author={Associa{\c{c}}{\~a}o Brasileira de Cimento Portland},
  series={Estudo t{\'e}cnico},
  url={https://books.google.com.br/books?id=CjH3PgAACAAJ},
  year={1980},
  publisher={ABCP}
}

@misc{ReWood,
  Author = {ReWood},
  Title = {Madeira Pl\'astica ReWood},
  Year = {2015},
  howpublished = {\url{http://www.rewood.eco.br/}},
}

@misc{BlogReWood,
  Author = {ReWood},
  Title = {Madeira Pl\'astica ReWood},
  Year = {2015},
  howpublished = {\url{https://rewoodmadeiraplastica.wordpress.com}},
}

@misc{2009Valente,
  Author = {Regina Valente},
  Title = {Janelas e portas prontas: saiba como escolher, comprar e conservar},
  Year = {2009},
  howpublished = {\url{http://casa.abril.com.br/}},
}

@misc{plantaCasa,
  Author = {Campo Grande},
  Title = {Casa 'Campo Grande' - lazer e conforto na medida certa},
  Year = {2013},
  howpublished = {\url{http://www.plantasdecasas.com/projetos/casa-campo-grande-lazer-conforto-medida-certa/}},
}

@misc{TerracapJB,
  Author = {Terracap},
  Title = {Jardim Botânico},
  Year = {2015},
  howpublished = {\url{http://www.terracap.df.gov.br/uploads/edicts/5629382c40cca.pdf}},
}

@misc{2013Onduline,
  Author = {Onduline},
  Title = {Como calcular a inclina{\c c}\~ao do telhado},
  Year = {2013},
  howpublished = {\url{http://www.ondulineblog.com.br/dica-onduline-como-calcular-a-inclinacao-do-telhado}},
}

@misc{2013Portal,
  Author = {Portal Solar},
  Title = {A melhor dire{\c c}\~ao do painel fotovoltaico},
  Year = {2013},
  howpublished = {\url{http://www.portalsolar.com.br/a-melhor-direcao-do-painel-solar-fotovoltaico.html}}
}

@misc{2009AutomacaoMarilia,
  Author = {Marilia F and Mariana C. P. and Maria M. S. E. and Gabriela Y. da L.},
  Title = {Automa{\c c}\~ao Residencial: A tecnologia a nosso favor.},
  Year = {2009},
	Address={Universidade Federal de Santa Catarina}
}

@misc{BateriaPanasonic,
  Author = {PANASONIC},
  Title = {BATERIA PANASONIC CR123A LITHIUM 3V},
  Year = {},
  howpublished = {\url{https://www.fotayplus.com.br/baterias/12v_-_6v_-_3v_-_15v/bateria_panasonic_cr123a__lithium_3v__2448.html}}
}

@misc{UolDolar,
  Author = {UOL Economia},
  Title = {Cota{\c c}\~ao do Dólar},
  Year = {},
  howpublished = {\url{http://economia.uol.com.br/cotacoes/cambio/dolar-comercial-estados-unidos/?historico}}
}

@misc{UolEuro,
  Author = {UOL Economia},
  Title = {Cota{\c c}\~ao do Euro},
  Year = {},
  howpublished = {\url{ http://economia.uol.com.br/cotacoes/cambio/euro-uniao-europeia/?historico}}
}

@misc{HomeSeerHomeTroller,
  Author = {HomeSeer},
  Title = {HomeSeer HomeTroller S6 PRO Home Automation Controller},
  Year = {},
  howpublished = {\url{http://store.homeseer.com/store/x-P1876C81.aspx}}
}

@inproceedings{2005BeyondDritsas,
  Author = {David Dritsas},
  Title = {Beyond X10: The Future of Home Automation},
  Year = {2005},
	Pages = {50-54},
	Number = {9},
	Booktitle = {Dealerscope},
	Address={Philadelphia}
}

@misc{PrincipaisTeruelFilho,
  Author = {Evandro Carlos Teruel and Aristides Novelli Filho},
  Title = {Principais tecnologias de automa{\c c}\~ao residencial comercializadas no Brasil e suas características.},
  Year = {},
  howpublished = {\url{http://www.centropaulasouza.sp.gov.br/pos-graduacao/workshop-de-pos-graduacao-e-pesquisa/anais/2007/posteres/teruel-evandro-carlos-3.pdf}}
}

@misc{2004ResidenciasBolzani,
  Author = {Caio Augustus M. Bolzani},
  Title = {Residências Inteligentes},
  Year = {2004},
	Address={S\~ao Paulo: Livraria da Física},
}

@misc{TecnologiaConverge,
  Author = {CONVERGE AUTOMAÇÃO},
  Title = {Tecnologia UPB é Inova{\c c}\~ao Confiabilidade e Funcionalidade},
  Year = {},
  howpublished = {\url{http://www.homecinema3d.com.br/download/UPB.pdf}}
}

@misc{PLCMKTI,
  Author = {MKTI},
  Title = {PLC BUS Protocolo de domótica bidireccional encriptado},
  Year = {},
  howpublished = {\url{http://www.mkti.pt/noticias/plc-bus-protocolo-de-domotica-bidireccional-encriptado/}}
}

@misc{ProdutosZwave,
  Author = {Z-WAVE},
  Title = {Produtos Z-Wave},
  Year = {},
  howpublished = {\url{http://z-wave.pt/}}
}

@misc{LojaFoscam,
  Author = {Foscam},
  Title = {Loja Virtual},
  Year = {},
  howpublished = {\url{http://www.foscam.com.br/}}
}

@misc{2015ComG1,
  Author = {G1},
  Title = {Com 35,1 \textsuperscript{o}C, Brasília tem segunda maior temperatura da história},
  Year = {2015},
  howpublished = {\url{http://g1.globo.com/distrito-federal/noticia/2015/09/com-351-c-brasilia-tem-segunda-maior-temperatura-da-historia.html}}
}

@misc{DisciplinasUTFPR,
  Author = {Universidade Tecnológica Federal do Paran\'a},
  Title = {Disciplinas da gradua{\c c}\~ao: Engenharia de ilumina{\c c}\~ao},
  Year = {},
  howpublished = {\url{http://paginapessoal.utfpr.edu.br/mafinocchio/disciplinas-da-graduacao/et38h-engenharia-de-iluminacao/et38h-engenharia-de-iluminacao/NORMAILUMINBR89951.pdf}}
}

@misc{Manualaitesas,
  Author = {AITech Evolutive S.A.S},
  Title = {Manual do controlador de motores de cortina da Fibaro},
  Year = {},
  howpublished = {\url{http://aitesas.com/Manuales/Controles\%20de\%20cortina/fgrm-222-roller-shutter-en-2.1-2.3.pdf}}
}

@misc{Valoraitesas,
  Author = {AITech Evolutive S.A.S},
  Title = {Valor dos contoladores para motores de cortinas},
  Year = {},
  howpublished = {\url{http://www.aitesasshop.com/\#!controladores-de-cortina/c43e}}
}

@misc{Caracteristicasaitesas,
  Author={AITech Evolutive S.A.S},
  Title={Características do controlador Somfy},
  Year={},
  howpublished={\url{http://aitesas.com/Manuales/Controles\%20de\%20cortina/Zwave_to_RTS_instructions.pdf}}
}

@misc{InfluenciaGoi,
  Author = {F. D. Goi},
  Title = {A influência das cores nos ambientes},
  Year = {},
  howpublished = {\url{http://dicasdearquitetura.com.br/influencia-das-cores-nos-ambientes/}}
}

@misc{ExtensorZWave,
  Author = {Z-WAVE},
  Title = {Características do extensor IV},
  Year = {},
  howpublished = {\url{http://z-wave.pt/REM_ZXT120?search=IR&page=3}}
}

@misc{FumacaZWave,
  Author = {Z-WAVE},
  Title = {Características do detector de fuma{\c c}a da VIsion Security},
  Year = {},
  howpublished = {\url{http://z-wave.pt/visionsecurity-ZS6101?search=smoke}}
}

@misc{MovimentoZWave,
  Author = {Z-WAVE},
  Title = {Detector de movimento Zipato},
  Year = {},
  howpublished = {\url{http://z-wave.pt/ZIP-PSM02-EU?search=temperatura}}
}

@misc{SmartShoweriHouse,
  Author = {iHouse},
  Title = {Lâmina técnica do SmartShower},
  Year = {},
  howpublished = {\url{http://www.ihouse.com.br/pdf/lamina-smartshower.pdf}}
}

@misc{MyShowertaQi,
  Author = {taQi},
  Title = {Informa{\c c}\~oes técnicas do MyShower},
  Year = {},
  howpublished = {\url{http://www.taqi.com.br/produto/chuveiro-e-ducha/ducha-eletronica-exatron-my-shower-7500-watts-chud2ebc/112540\#0 }}
}

@misc{2015Salema,
  Author={Alexandre Salema},
  Title = {Smart Grid, as chamadas redes inteligentes},
  Year = {2015},
  howpublished = {\url{https://alexandresalema.wordpress.com/2015/09/16/smart-grid-as-chamadas-redes-inteligentes/}},
  note = {Accessado: 2015-10-30}
}

@misc{XBeeStore,
  Author={XBeeStore},
  Title = {M\'odulo Digi XBee ZB - Antena Wire - Low Power},
  Year = {2015},
  howpublished = {\url{http://xbeestore.lojavirtualfc.com.br/listaprodutos.asp?IDLoja=16187&IDProduto=2490985&q=modulo-digi-xbee-zb---antena-wire---low-power}},
  note = {Accessado: 2015-10-30}
}

@misc{2015ResolucaoAneel,
  Author={Aneel},
  Title = {Resolução Homologatória N\textsuperscript{o}1937},
  Year = {2015},
  howpublished = {\url{www.aneel.gov.br/cedoc/reh20151937.pdf}},
  note = {Accessado: 2015-08-26}
}

@misc{teslamotorsPowerwall,
  Author={Tesla Motors},
  Title = {Powerwall},
  howpublished = {\url{http://www.teslamotors.com/powerwall}},
  note = {Accessado: 2015-08-26}
}

@misc{neosolarKitGerador,
  Author={Neosolar},
  Title={Kit Gerador Solar Fotovoltaico Fronius 300 kwp 420 kwh},
  howpublished={\url{http://www.neosolar.com.br/loja/kit-gerador-solar-fotovoltaico-fronius-300-kwp-420-kwh.html}}

}

@misc{12015Wirth,
  Author={H Wirth},
  Title={Recent Facts about Photovoltaics in Germany. Fraunhofer ISE},
  Year={2015},
  Address={Freiburg, Alemanha},
  howpublished={\url{https://www.ise.fraunhofer.de/en/publications/veroeffentlichungen-pdf-dateien-
en/studien-und-konzeptpapiere/recent-facts-about-photovoltaics-in-germany.pdf}},
}

@misc{2012Energetica,
  Title={Análise da Inserção da Geração Solar na Matriz Elétrica Brasileira},
  Author={Empresa de Pesquisa Energética},
  Year={2012},
  howpublished={\url{http://www.epe.gov.br/geracao/documents/estudos_23/nt_energiasolar_2012.pdf}},
}

@misc{32013Niedzialkoski,
  Author={R K Niedzialkoski},
  Title={Desempenho De Painéis Solares Mono e Policristalinos Em Um Sistema de Bombeamento de Água.},
  Year={2013},
  Address={UNIOESTE, Cascavel-PR},
  howpublished={\url{http://www4.unioeste.br/portalpos/media/Dissertacao_Rosana_K_Niedzialkoski.pdf}},
}

@misc{42012ANEEL,
  Author={ANEEL},
  Title={Resolução Normativa 482/2012},
  Year={2012},
}

@misc{52008Martins,
  Author={F.R. MARTINS AND R.A. GUARNIERI AND E.B PEREIRA},
  Title={O aproveitamento da energia
eólica.},
  Year={São Paulo},
  howpublished={\url{http://www.scielo.br/scielo.php?script=sci_arttext&pid=S1806-
11172008000100005&lng=en&nrm=iso}},
}

@misc{62006SHAYANI,
  Author={R. A. SHAYANI},
  Title={Comparação do Custo entre Energia Solar Fotovoltaica e Fontes Convencionais},
  Address={Congresso Brasileiro de Planejamento Energético, Brasília},
  Year={2006},
  howpublished={\url{http://www.gsep.ene.unb.br/producao/marco/sbpe_2006.pdf}},
}

@misc{72011MOTA,
  Author={H. S. MOTA},
  Title={Análise técnico Econômica de Unidades Geradoras de Energia distribuída.},
  Year={2011},
  Address={São Paulo},
}
@misc{82011BRACIANI,
  Author={U. Braciani},
  Title={Estrutura de Custos para Implantação das Usinas de Geração de Energia Elétrica no Brasil.},
  Year={2011},
  howpublished={\url{http://tcc.bu.ufsc.br/Economia303023.pdf}},
}
@misc{92015Energia,
  Author={Energia Pura},
  Title={Aerogerador air 40},
  Year={2015},
  howpublished={\url{https://www.energiapura.com/content/aerogerador-air-40}},
}
@misc{102015NAKABAYASHI,
  Author={R. NAKABAYASHI},
  Title={Microgeração Fotovoltaica no Brasil: Viabilidade Econômica},
  Year={2015},
  Address={nstituto de Energia e Ambiente, USP},
  howpublished={\url{http://www.abinee.org.br/informac/arquivos/mifoto.pdf}}
}

@misc{112015Ribeiro,
  Author={B. P. M. Ribeiro AND B. L. Picarelli},
  Title={Inserção da Geração Fotovoltaica Distribuída: Estudo de Caso e Análise Econômica.},
  Year={2015},
  Address={Brasília, Universidade de Brasília},
}

@misc{122015MITSUBISHI,
  Author={Mistubishi Electric Solar},
  Title={Specification Sheet 250W 255W},
  Year={2015},
  howpublished={\url{<http://www.mitsubishielectricsolar.com/images/uploads/documents/specs/MLU_spec_sheet_250W_255W.pdf}},
}

@misc{132000Cepel,
  Author={CEPEL},
  Title={Atlas solarimetrico do brasil: Banco de Dados Terrestres},
  Year={2000},
  howpublished={\url{http://www.cresesb.cepel.br/publicacoes/download/Atlas_Solarimetrico_do_Brasil_2000.pdf}},
}

@misc{14Fadigas,
  Author={E. A. F. A. FADIGAS},
  Title={Energia Solar Fotovoltaica: Fundamentos, Conversão e Viabilidade técnico-econômica},
  Address={GEPEA-Grupo de Energia Escola Politécnica, Universidade de São Paulo},
  Year={},
  howpublished={\url{http://disciplinas.stoa.usp.br/pluginfile.php/56337/mod_resource/content/2/Apostila_solar.pdf}},
}

@misc{152010Serrao,
  Author={M. A. S. SERRÃO},
  Title={Dimensionamento De Um Sistema Fotovoltaico Para Uma Casa De Veraneio Em Pouso Da Cajaíba-Paraty},
  Year={2010},
  Address={Rio de Janeiro, Universidade Federal do Rio de Janeiro},
  howpublished={\url{http://monografias.poli.ufrj.br/monografias/monopoli10000620.pdf}},
}

@misc{162015MITSUBISHI,
  Author={Mitsubishi Electric Solar},
  Title={MLU specification sheet 250w 255w},
  Year={2015},
  howpublished={\url{http://www.mitsubishielectricsolar.com/images/uploads/documents/specs/MLU_spec_sheet_250W_255W.pdf}},
}

@misc{182015NEOSOLAR,
  Author={NEOSOLAR},
  Title={Inversor Fronius Galvo 3-1-1-3 100W},
  Year={2015},
  howpublished={\url{http://www.neosolar.com.br/loja/inversor-fronius-galvo-3-1-1-3-100w.html}},
}

@misc{192015Neosolar,
  Author={Neosolar},
  Title={Inversor grid-tie SMA Sunny Boy 3300},
  Year={2015},
  howpublished={\url{http://www.neosolar.com.br/loja/inversor-grid-tie-sma-sunny-boy-3300.html}},
}

@misc{202015Mitsubishi,
  Author={MITSUBISHI ELECTRIC SOLAR},
  Title={MPPT SOLAR},
  Year={2015},
  howpublished={\url{http://www.mpptsolar.com/pt/images/paineis-solares/pdf-paineis/isofoton_255_en__4.pdf}},
}

@misc{222015Energia,
  Author={ENERGIA PURA},
  Title={Painel Fotovoltaico Mitsubishi 255w},
  Year={2015},
  howpublished={\url{https://www.energiapura.com/content/painel-fotovoltaico-mitsubishi-255w}},
}

@misc{232015Free,
  Author={Free Clean Solar},
  Title={Isofoton Solar Panel ISF 255 Black p/isf 255 black},
  Year={2015},
  howpublished={\url{http://www.freecleansolar.com/255W-Isofoton-Solar-Panel-ISF-255-black-p/isf-255-black.htm}},
}

@misc{2003Tomaz,
  Author={Tomaz Plínio},
  Title={Aproveitamento de Água de Chuva para Áreas Urbanas Não Potáveis},
  Year={2003},
}

@misc{2009Toamz,
  Author={Tomaz Plínio},
  Title={Aproveitamento de água de chuva em áreas urbanas para fins não potáveis},
  Year={2009},
  howpublished={\url{http://docplayer.com.br/1223588-Aproveitamento-de-agua-de-chuva-em-areas-urbanas-para-fins-nao-potaveis.html}},
}

@misc{ufpe2000,
  Title={Atlas solarimétrico do Brasil},
  Author={UFPE},
  Yer={2000},
  howpublished={\url{cresesb.cepel.br/publicacoes/download/Atlas_Solarimetrico_do_Brasil_2000.pdf}}
}
