% This file was created with JabRef 2.5.
% Encoding: UTF-8
% See the "IEEEtran_bst_HOWTO.pdf" manual for usage information.


@BOOK{msp430,
  title = {MSP430 Microcontroller Basics},
  publisher = {1rd},
  editor = {Editora Newnes},
  author = {Jonh Davies},
  owner = {luiz},
  timestamp = {2012.01.09},
  year = 2001
}

@www{ti_exemplos,
      title  = "MSP430G2x53, MSP430G2x33, MSP430G2x13, MSP430G2x03 Code Examples (Rev. A)",
      author = "Texas Instruments",
      urlaccessdate = "\today",
      url    = "\url{http://www.ti.com/litv/zip/slac485a}"
}

@www{dsl,
      title  = "Damn Small Linux - Not! - Forum",
      author = "Damn Small Linux",
      timestamp = {2012.01.09},
      urlaccessdate = "\today",
      url= "\url{http://www.damnsmalllinux.org/dsl-n/f/}"
    }
    
@www{ddsl,
      title  = "Damn Small Linux",
      crossref ="dsl",
      url= "\url{http://www.damnsmalllinux.org/}"
    }

@www{valgrind,
      title  = "Valgrind - Manual",
      author = "The Valgrind developers and  Andres Roldan",
      timestamp = {2012.01.09},
      urlaccessdate = "\today",
      url= "\url{http://www.valgrind.org/docs/manual/index.html}"
    }

@www{dossier,
      title  = "The Pac-Man Dossier",
      author = "Jamey Pittman",
      timestamp = {2011.06.16},
      urlaccessdate = "\today",
      url= "\url{http://home.comcast.net/~jpittman2/pacman/pacmandossier.html}"
    }

@www{algrithm,
      title  = "Perfect Maze Creation Algorithms",
      author = "Walter D. Pullen",
      timestamp = {2011.01.24},
      urlaccessdate = "\today",
      url= "\url{http://www.astrolog.org/labyrnth/algrithm.htm}"
    }
    
@www{arduino_code,
      title  = "Arduino",
      author = "Arduino Team",
      timestamp = {2012.09.16},
      urlaccessdate = "23 de fevereiro de 2013",
      url= "\url{http://www.arduino.cc/}"
    }    

@www{textile,
      title  = "Textile 2 - Documentation",
      author = "Movable Type",
      timestamp = {2007},
      urlaccessdate = "\today",
      url= "\url{http://www.movabletype.org/documentation/author/textile-2-syntax.html}"
    }    



@www{python,
      title  = "Maze generation algorithm",
      author = "Nathaniel Johnston",
      timestamp = {2010.08.21},
      urlaccessdate = "\today",
      url= "\url{http://en.wikipedia.org/wiki/Maze_generation_algorithm}"
    }

@www{5298d86a7fd17,
      title  = "Jardim Botânico 3, 33 lotes para você morar no novo bairo do Lago Sul",
      author = "TERRACAP, Agência de Desenvolvimento do Distrito Federal",
      timestamp = {2010.04.29},
      urlaccessdate = "\today",
      url= "\url{http://www.terracap.df.gov.br/uploads/edicts/5298d86a7fd17.pdf}"
    }

@www{PDAD,
      title  = "Pesquisa Distrital por Amostra de Domicílios, PDAD, Jardim Botânico",
      author = "Codeplan, Companhia de Planejamento do Distrito Federal",
      timestamp = {2014.06.29},
      urlaccessdate = "\today",
      url= "\url{http://www.codeplan.df.gov.br/images/CODEPLAN/PDF/pesquisa_socioeconomica/pdad/2013/PDAD_JARDIM\%20BOT\%C3\%82NICO.pdf}"
    }
    
@www{pesquisa_socioeconomica,
      title  = "Pesquisa Distrital por Amostra de Domicílios, PDAD/DF, 2013",
      author = "SEPLAN,e Codeplan, Secretaria de Estado de Planejamento e Orçamento do Distrito Federal, Companhia de Planejamento do Distrito Federal",
      timestamp = {2013.12.29},
      urlaccessdate = "\today",
      url= "\url{http://www.codeplan.df.gov.br/images/CODEPLAN/PDF/pesquisa_socioeconomica/pdad/2013/Pesquisa\%20PDAD-DF\%202013.pdf}"
    }
    

@www{ruby,
      title  = "An implementation of the Growing Tree algorithm for maze generation.",
      author = "Jamis Buck",
      timestamp = {2010},
      urlaccessdate = "\today",
      url= "\url{https://gist.github.com/760749}"
    }


@www{pinkybug,
      title  = "Why do Pinky and Inky have different behaviors when Pac-Man is facing up?",
      author = "Don Hodges",
      timestamp = {2008.12.30},
      urlaccessdate = "\today",
      url= "\url{http://donhodges.com/pacman_pinky_explanation.htm}"
    }

@manual{Advpdf,
	title = "Advanced Linux Programming",
	author = "Mark Mitchell and Jeffrey Oldham and Alex Samuel",
	publisher = "David Dwyer",
	language = "English",
	year= 2001
	}

@manual{thepdf,
	title = "The Linux Programming Interface",
	author = "Michael KerrisK",
	Publisher = "William Pollock",
	year = 2010,
	organization = "No Starch Press Inc."
	}

@book{tanenbaum2007distributed,
  title={Distributed systems},
  author={Tanenbaum, Andrew and Van Steen, Maarten},
  year={2007},
  publisher={Pearson Prentice Hall}
}

@article{ramosanalise,
  title={An{\'a}lise de M{\'e}tricas Est{\'a}ticas para Sistemas JavaScript},
  author={Ramos, Miguel Esteban and Valente, Marco Tulio}
}

@article{lebresne2010analysis,
  title={An Analysis of the Dynamic Behavior of JavaScript Programs},
  author={Lebresne, Gregor Richards Sylvain and Burg, Brian and Vitek, Jan},
  year={2010}
}

@book{associacao1980dosagem,
  title={Dosagem das misturas de solo-cimento: normas de dosagem e m{\'e}todos de ensaio},
  author={Associa{\c{c}}{\~a}o Brasileira de Cimento Portland},
  series={Estudo t{\'e}cnico},
  url={https://books.google.com.br/books?id=CjH3PgAACAAJ},
  year={1980},
  publisher={ABCP}
}


@inproceedings{fard2013jsnose,
  title={JSNOSE: Detecting JavaScript code smells},
  author={Fard, Amin Milani and Mesbah, Ali},
  booktitle={Source Code Analysis and Manipulation (SCAM), 2013 IEEE 13th International Working Conference on},
  pages={116--125},
  year={2013},
  organization={IEEE}
}


@inproceedings{batyuk2011using,
  title={Using static analysis for automatic assessment and mitigation of unwanted and malicious activities within Android applications},
  author={Batyuk, Leonid and Herpich, Markus and Camtepe, Seyit Ahmet and Raddatz, Karsten and Schmidt, Aubrey-Derrick and Albayrak, Sahin},
  booktitle={Malicious and Unwanted Software (MALWARE), 2011 6th International Conference on},
  pages={66--72},
  year={2011},
  organization={IEEE}
}


@inproceedings{heckmann2005verifying,
  title={Verifying safety-critical timing and memory-usage properties of embedded software by abstract interpretation},
  author={Heckmann, Reinhold and Ferdinand, Christian},
  booktitle={Proceedings of the conference on Design, Automation and Test in Europe-Volume 1},
  pages={618--619},
  year={2005},
  organization={IEEE Computer Society}
}

@article{howard2006process,
  title={A process for performing security code reviews},
  author={Howard, Michael},
  journal={IEEE Security \& Privacy},
  number={4},
  pages={74--79},
  year={2006},
  publisher={IEEE}
}

@book{chess2007secure,
  title={Secure programming with static analysis},
  author={Chess, Brian and West, Jacob},
  year={2007},
  publisher={Pearson Education}
}

@book{codecraft2006,
  title={Code craft: the Practice of writing excellent code},  
  author={GOODLIFFE, Pete},
  year={2006},
  publisher={ No Starch Press}
}

@article{Baroni1992,
title={Ambiguidades e deficiências do conceito de desenvolvimento sustentável},
author={Margaret Baroni},
year={1992}
}

@article{Araujo2012,
title={A moderna construção sustentável},
author={ Márcio Augusto Araújo},
year={2012}
}

@article{Angulo2000,
title={Desenvolvimento sustentável e a reciclagem de resíduos na construção civil},
author={ÂNGULO, Sérgio Cirelli; ZORDAN, Sérgio Edurado; JOHN, Vanderley Moacyr},
year={2000}
}

@article{Portland1980,
title={Dosagem das misturas de solo-cimento: normas de dosagem e métodos de ensaio},
author={ASSOCIAÇÃO BRASILEIRA DE CIMENTO PORTLAND},
year={1980}
}

@article{Castro2011,
title={Incentivo ao uso de produtos de baixo impacto ambiental através da disciplina de materiais de construção civil},
author={Fernando Souza da Silva e Adriana Petito de Almeida Silva Castro},
year={2011}
}

@www{planta1,
      title  = "Casa Osasco com 3 suítes, clouset varanda e piscina",
      author = "Osasco",
      timestamp = {2013.12.29},
      urlaccessdate = "\today",
      url= "\url{http://www.plantasdecasas.com/projetos/casa-osasco-com-3-suites-clouset-varanda-e-piscina/}"
    }

@www{planta2,
      title  = "Casa “Campo Grande” – lazer e conforto na medida certa",
      author = "Campo Grande",
      timestamp = {2013.12.29},
      urlaccessdate = "\today",
      url= "\url{http://www.plantasdecasas.com/projetos/casa-campo-grande-lazer-conforto-medida-certa/}"
    }

@www{planta3,
      title  = "Casa de Campo “Minas Gerais” com 3 quartos",
      author = "Minas Gerais",
      timestamp = {2013.12.29},
      urlaccessdate = "\today",
      url= "\url{http://www.plantasdecasas.com/projetos/casa-de-campo-3-quartos/}"
    }
    
@www{table1,
      title  = "\gls{CAC}",
      author = "\gls{Caesb}",
      timestamp = {2014},
      urlaccessdate = "\today",
      url= "\url{http://www.orcamentofederal.gov.br/eficiencia-do-gasto/Apresentacao_Caesb_12042012.pdf}"
    }
    
@www{epeanuario,
      title  = "Anuário Estatístico de Energia Elétrica 2013",
      author = "\gls{EPE}",
      timestamp = {2013},
      urlaccessdate = "\today",
      url= "\url{http://www.epe.gov.br/AnuarioEstatisticodeEnergiaEletrica/20130909_1.pdf}"
}
   

@article{ufpe2000,
title  = "Atlas solarimétrico do Brasil",
author={UFPE},
year={2000},
url= "\url{cresesb.cepel.br/publicacoes/download/Atlas_Solarimetrico_do_Brasil_2000.pdf}"
}

@www{suapesquisaenergiarenovavel,
      title  = "Energia Renovavel",
      author = "SuaPesquisa.com",
      timestamp = {2015},
      urlaccessdate = "\today",
      url= "\url{http://www.suapesquisa.com/o_que_e/energia_renovavel.htm}"
}

@www{brasilescolafontesrenovaveis,
      title  = "Fontes renováveis de energia ",
      author = "BrasilEscola",
      timestamp = {2015},
      urlaccessdate = "\today",
      url= "\url{http://www.brasilescola.com/geografia/fontes-renovaveis-energia.htm}"
}

@www{energygovplanning,
      title  = "Planning a Small Wind Electric System",
      author = "Energy.gov",
      timestamp = {2015},
      urlaccessdate = "\today",
      url= "\url{http://energy.gov/energysaver/articles/planning-small-wind-electric-system}"
}

@article{atlaseolico,
      title  = "Atlas do Potencial Eólico Brasileiro",
      author = "Odilon A. Ccamargo do Amarante, Michael Brower, John Zack, Antonio Leite de Sá",
      timestamp = {2001},
      urlaccessdate = "\today",
      url= "\url{http://www.cresesb.cepel.br/publicacoes/download/atlas_eolico/Atlas\%20do\%20Potencial\%20Eolico\%20Brasileiro.pdf}"
}

@www{americadosolperguntasfrequentes,
      title  = "Perguntas Frequentes",
      author = "AmericaDoSol",
      timestamp = {2015},
      urlaccessdate = "\today",
      url= "\url{http://www.americadosol.org/perguntas-frequentes/}"
}

@www{portalsolar,
      title  = "Quantos Painéis Solares Fotovoltaicos",
      author = "Solar",
      timestamp = {2015},
      urlaccessdate = "\today",
      url= "\url{http://www.portalsolar.com.br/quantos-paineis-solares-fotovoltaicos.html}"
}

@www{globoaerogeradores,
      title  = "Aerogeradores verticais podem se popularizar nos próximos anos",
      author = "Globo",
      timestamp = {2015},
      urlaccessdate = "\today",
      url= "\url{http://redeglobo.globo.com/globouniversidade/noticia/2013/09/aerogeradores-verticais-podem-se-popularizar-nos-proximos-anos.html}"
}

@www{neosolarinversorfronius,
      title  = "Inversor Fronius Galvo 1.5-1 (1.500W)",
      author = "Neosolar",
      timestamp = {2015},
      urlaccessdate = "\today",
      url= "\url{http://www.neosolar.com.br/loja/inversor/grid-tie.html}"
}

@www{minhacasasolar,
      title  = "Saiba Mais: Baterias",
      author = "MinhaCasaSolar",
      timestamp = {2015},
      urlaccessdate = "\today",
      url= "\url{http://minhacasasolar.com.br/saiba-bateria.php}"
}

@www{Powerwall,
      title  = "Powerwall: bateria residencial da Tesla promete economia de energia",
      author = "idgnow",
      timestamp = {2015.05.04},
      urlaccessdate = "\today",
      url= "\url{http://idgnow.com.br/ti-pessoal/2015/05/04/powerwall-bateria-residencial-da-tesla-promete-economia-de-energia/}"
}

@www{estimativaNBR7229,
      title  = "Estimativas do volume de efluentes domésticos por fonte/pessoa/dia",
      author = "NBR_7229",
      timestamp = {2015.05.04},
      urlaccessdate = "\today",
      url= "\url{http://idgnow.com.br/ti-pessoal/2015/05/04/powerwall-bateria-residencial-da-tesla-promete-economia-de-energia/}"
}

@www{ecycle,
      title  = "Composteira Residencial pode ser Alternativa para Lio Orgânico",
      author = "ecycle",
      timestamp = {2015.05.04},
      urlaccessdate = "\today",
      url= "\url{http://www.ecycle.com.br/component/content/article/41-pegue-leve/536-composteira-residencial-pode-ser-alternativa-para-lixo-organico.html}"
}



